@misc{List2019,
author = {List, Jenny},
booktitle = {Hackaday},
title = {{BECAUSE CONVENTIONAL LASER HARPS AREN'T DANGEROUS ENOUGH}},
urldate = {September 13 2019},
year = {2019}
}
@misc{LASERSPECTACLES,
author = {{LASER SPECTACLES}, INC.},
title = {{Instrument of Music and Beauty: the Mysterious Laser Harp}},
url = {https://www.laserspectacles.com/resources/the-laser-harp/},
urldate = {September 19 2019}
}
@misc{Hobley2012,
author = {Hobley, Steve},
booktitle = {Makezine},
title = {{Laser Harp}},
urldate = {September 19 2019},
year = {2012}
}
@misc{Bumstead2018,
author = {Bumstead, Jon},
title = {{LASER HARP}},
url = {http://www.jbumstead.com/laser-harp.html},
urldate = {September 18 2019},
year = {2018}
}
@misc{Bumstead2018a,
author = {Bumstead, Jon},
booktitle = {Instructables},
title = {{13 Note MIDI Laser Harp}},
urldate = {2019-09-17},
year = {2018}
}
@misc{KROMALASER,
author = {KROMALASER},
title = {{LASER HARPS and ILDA full Analogue RGB Analogue Laser Projectors}},
url = {http://www.kromalaser.com},
urldate = {September 18 2019}
}
@misc{PROLIGHT,
author = {PROLIGHT},
title = {{Prolight Laser Harp Controller}},
url = {https://www.laser-harp.com},
urldate = {September 18 2019}
}
@misc{Bumstead2019,
author = {Bumstead, Jon},
booktitle = {Instructables},
title = {{Upright Laser Harp}},
urldate = {2019-09-17},
year = {2019}
}
